@article{Weather,
  author = "Vlady, Svetlana and Tufan, Ekrem and Hamarat, Bahattin",
  year = "2011",
  title = "Causality of weather conditions in Australian stock equity returns",
  journal = "Business Statistics - Economic Informatics",
  volume = "1",
  issue = "17",
  pages = "184-197"
},

@article{exr,
	author = "H. A. P. K., Perera",
	year = "2016",
	title = "Effects of exchange rate volatility on stock market return volatility: evidence from an emerging market",
	journal = "International Journal of Science and Research",
	volume = "5",
	issue = "1",
	pages = "1750-1755"
},

@article{index,
	author = "Karunanayake, Indika and Valadkhani, Abbas and O'Brien, Martin",
	year = "2009",
	title = "Modelling Australian stock market volatility: a multivariate GARCH approach",
	journal = "Economics Working Paper Series",
	pages = "1-14"
},

@article{Spline,
	author = "Engle, Robert F. and Rangel, Jose G.",
	year = "2008",
	title = "The Spline-GARCH model for low-frequency volatility and its global macroeconomic causes",
	journal = "The Review of Financial Studies",
	volume = "21",
	issue = "3",
	pages = "1187-1222"
},

@article{vol,
	author = "Shahzad, Hassan and Duong, Huu Nhan and Kalev, Petko S. and Singh, Marminder",
	year = "2014",
	title = "Trading volume, realized volatility and jumps in the Australian stock market",
	journal = "Journal of International Financial Markets, Institutions and Money",
	volume = "31",
	pages = "414-430"
},

@article{oil,
	author = "Hasan, Mohammad Zahidul and Ratti, Ronald A.",
	year = "2012",
	title = "Oil price shocks and volatility in Australian stock returns",
	journal = "Global Accounting, Finance and Economics Conference",
	pages = "1-38"
},